<?xml version="1.0" encoding="UTF-8"?><record xmlns="http://www.loc.gov/MARC21/slim" xmlns:cinclude="http://apache.org/cocoon/include/1.0" xmlns:zs="http://www.loc.gov/zing/srw/">
  <leader>00670nz  a2200145n  4500</leader>
  <controlfield tag="001">no2003125982</controlfield>
  <controlfield tag="003">DLC</controlfield>
  <controlfield tag="005">20031217071041.0</controlfield>
  <controlfield tag="008">031216n| acannaabn          |n aaa     c</controlfield>
  <datafield tag="010" ind1=" " ind2=" ">
    <subfield code="a">no2003125982</subfield>
  </datafield>
  <datafield tag="035" ind1=" " ind2=" ">
    <subfield code="a">(OCoLC)oca06229412</subfield>
  </datafield>
  <datafield tag="040" ind1=" " ind2=" ">
    <subfield code="a">MoSpS-AV</subfield>
    <subfield code="b">eng</subfield>
    <subfield code="c">MoSpS-AV</subfield>
  </datafield>
  <datafield tag="100" ind1="1" ind2=" ">
    <subfield code="a">Stachowski, Ernest</subfield>
  </datafield>
  <datafield tag="670" ind1=" " ind2=" ">
    <subfield code="a">Improving student achievement through quality instruction. 1, Teaching to the objectives, active participation [VR] c1998:</subfield>
    <subfield code="b">on-screen caption (Ernest Stachowski, Ph.D., consultant, Professional Development Center, Inc.; speaker)</subfield>
  </datafield>
  <datafield tag="670" ind1=" " ind2=" ">
    <subfield code="a">OCLC, July 18, 2003</subfield>
    <subfield code="b">(hdgs.: Stachowski, Ernest; Stachowski, Ernest A. ; usage: Ernest Stachowski; Ernest A. Stachowski)</subfield>
  </datafield>
</record>